<?xml version="1.0" encoding="UTF-8"?>
<record>
  <leader>01550nam#a2200397#cb4500</leader>
  <controlfield tag="005">20210409063510.0</controlfield>
  <controlfield tag="007">tu</controlfield>
  <controlfield tag="008">111031|2011####gw#######m####|||#|#ger#c</controlfield>
  <controlfield tag="003">DE-605</controlfield>
  <controlfield tag="001">990189160110206441</controlfield>
  <datafield tag="016" ind1="7" ind2=" ">
    <subfield code="a">767576266</subfield>
    <subfield code="2">OCoLC</subfield>
  </datafield>
  <datafield tag="020" ind1=" " ind2=" ">
    <subfield code="a">9783898997126</subfield>
    <subfield code="9">978-3-89899-712-6</subfield>
  </datafield>
  <datafield tag="035" ind1=" " ind2=" ">
    <subfield code="a">(DE-605)HT017015300</subfield>
  </datafield>
  <datafield tag="040" ind1=" " ind2=" ">
    <subfield code="a">468</subfield>
    <subfield code="b">ger</subfield>
    <subfield code="d">361</subfield>
    <subfield code="e">rakwb</subfield>
  </datafield>
  <datafield tag="041" ind1=" " ind2=" ">
    <subfield code="a">ger</subfield>
  </datafield>
  <datafield tag="044" ind1=" " ind2=" ">
    <subfield code="c">XA-DE</subfield>
  </datafield>
  <datafield tag="100" ind1="1" ind2=" ">
    <subfield code="a">Derecik, Ahmet</subfield>
    <subfield code="d">1978-</subfield>
    <subfield code="0">(DE-588)1017737398</subfield>
    <subfield code="4">aut</subfield>
    <subfield code="0">https://portal.dnb.de/opac.htm?method=simpleSearch&amp;cqlMode=true&amp;query=idn=1017737398</subfield>
    <subfield code="0">http://viaf.org/viaf/sourceID/DNB|1017737398</subfield>
    <subfield code="B">GND-1017737398</subfield>
  </datafield>
  <datafield tag="245" ind1="1" ind2="0">
    <subfield code="a">&lt;&lt;Der&gt;&gt; Schulhof als bewegungsorientierter Sozialraum</subfield>
    <subfield code="b">eine sportpädagogische Untersuchung zum informellen Lernen in Ganztagsschulen</subfield>
    <subfield code="c">vorgelegt von Ahmet Derecik</subfield>
  </datafield>
  <datafield tag="264" ind1=" " ind2="1">
    <subfield code="a">Aachen [u.a.]</subfield>
    <subfield code="b">Meyer &amp; Meyer</subfield>
    <subfield code="c">2011</subfield>
  </datafield>
  <datafield tag="300" ind1=" " ind2=" ">
    <subfield code="a">283 S. : Ill., graph. Darst.</subfield>
  </datafield>
  <datafield tag="490" ind1="1" ind2=" ">
    <subfield code="a">Sportforum</subfield>
    <subfield code="v">28</subfield>
  </datafield>
  <datafield tag="502" ind1=" " ind2=" ">
    <subfield code="a">Marburg, Univ., Diss., 2011</subfield>
  </datafield>
  <datafield tag="689" ind1="0" ind2="0">
    <subfield code="a">Schulhof</subfield>
    <subfield code="D">s</subfield>
    <subfield code="0">(DE-588)4131620-4</subfield>
    <subfield code="0">https://portal.dnb.de/opac.htm?method=simpleSearch&amp;cqlMode=true&amp;query=idn=041316207</subfield>
    <subfield code="0">http://viaf.org/viaf/sourceID/DNB|041316207</subfield>
    <subfield code="B">GND-041316207</subfield>
  </datafield>
  <datafield tag="689" ind1="0" ind2="1">
    <subfield code="a">Sozialraum</subfield>
    <subfield code="D">s</subfield>
    <subfield code="0">(DE-588)4116546-9</subfield>
    <subfield code="0">https://portal.dnb.de/opac.htm?method=simpleSearch&amp;cqlMode=true&amp;query=idn=041165462</subfield>
    <subfield code="0">http://viaf.org/viaf/sourceID/DNB|041165462</subfield>
    <subfield code="B">GND-041165462</subfield>
  </datafield>
  <datafield tag="689" ind1="0" ind2="2">
    <subfield code="a">Informelles Lernen</subfield>
    <subfield code="D">s</subfield>
    <subfield code="0">(DE-588)4680202-2</subfield>
    <subfield code="0">https://portal.dnb.de/opac.htm?method=simpleSearch&amp;cqlMode=true&amp;query=idn=964127970</subfield>
    <subfield code="0">http://viaf.org/viaf/sourceID/DNB|964127970</subfield>
    <subfield code="B">GND-964127970</subfield>
  </datafield>
  <datafield tag="689" ind1="0" ind2="3">
    <subfield code="a">Ganztagsschule</subfield>
    <subfield code="D">s</subfield>
    <subfield code="0">(DE-588)4155947-2</subfield>
    <subfield code="0">https://portal.dnb.de/opac.htm?method=simpleSearch&amp;cqlMode=true&amp;query=idn=041559479</subfield>
    <subfield code="0">http://viaf.org/viaf/sourceID/DNB|041559479</subfield>
    <subfield code="B">GND-041559479</subfield>
  </datafield>
  <datafield tag="689" ind1="0" ind2="4">
    <subfield code="a">Sportpädagogik</subfield>
    <subfield code="D">s</subfield>
    <subfield code="0">(DE-588)4130615-6</subfield>
    <subfield code="0">https://portal.dnb.de/opac.htm?method=simpleSearch&amp;cqlMode=true&amp;query=idn=041306155</subfield>
    <subfield code="0">http://viaf.org/viaf/sourceID/DNB|041306155</subfield>
    <subfield code="B">GND-041306155</subfield>
  </datafield>
  <datafield tag="751" ind1=" " ind2=" ">
    <subfield code="a">Marburg</subfield>
    <subfield code="0">(DE-588)4037446-4</subfield>
    <subfield code="4">uvp</subfield>
    <subfield code="0">https://portal.dnb.de/opac.htm?method=simpleSearch&amp;cqlMode=true&amp;query=idn=040374467</subfield>
    <subfield code="0">http://viaf.org/viaf/sourceID/DNB|040374467</subfield>
    <subfield code="B">GND-040374467</subfield>
  </datafield>
  <datafield tag="776" ind1="0" ind2="8">
    <subfield code="i">Erscheint auch als</subfield>
    <subfield code="n">Online-Ausgabe</subfield>
    <subfield code="z">9783840334900</subfield>
    <subfield code="9">978-3-8403-3490-0</subfield>
  </datafield>
  <datafield tag="830" ind1=" " ind2="0">
    <subfield code="a">Sportforum</subfield>
    <subfield code="w">(DE-605)HT004999851</subfield>
    <subfield code="v">28</subfield>
    <subfield code="9">O:1</subfield>
  </datafield>
  <datafield tag="856" ind1="4" ind2="2">
    <subfield code="m">B:DE-101</subfield>
    <subfield code="q">application/pdf</subfield>
    <subfield code="u">http://digitale-objekte.hbz-nrw.de/storage/2012/06/16/file_46/4507767.pdf</subfield>
    <subfield code="3">Inhaltsverzeichnis</subfield>
    <subfield code="9">O:PKN</subfield>
  </datafield>
  <datafield tag="964" ind1="0" ind2="s">
    <subfield code="F">030</subfield>
    <subfield code="A">a|1uc||||||17</subfield>
  </datafield>
  <datafield tag="964" ind1="0" ind2="s">
    <subfield code="F">050</subfield>
    <subfield code="A">a|||||||||||||</subfield>
  </datafield>
  <datafield tag="964" ind1="0" ind2="s">
    <subfield code="F">051</subfield>
    <subfield code="A">sy||||||</subfield>
  </datafield>
  <datafield tag="035" ind1=" " ind2=" ">
    <subfield code="a">(OCoLC)767576266</subfield>
  </datafield>
  <datafield tag="035" ind1=" " ind2=" ">
    <subfield code="a">(DE-599)HBZHT017015300</subfield>
  </datafield>
  <datafield tag="MBD" ind1=" " ind2=" ">
    <subfield code="M">49HBZ_NETWORK</subfield>
    <subfield code="i">990189160110206441</subfield>
    <subfield code="n">HBZ Network</subfield>
  </datafield>
  <datafield tag="MBD" ind1=" " ind2=" ">
    <subfield code="M">49HBZ_WUP</subfield>
    <subfield code="i">990012285250206447</subfield>
    <subfield code="n">Bergische Universität Wuppertal</subfield>
  </datafield>
  <datafield tag="MBD" ind1=" " ind2=" ">
    <subfield code="M">49HBZ_ZBS</subfield>
    <subfield code="i">990002401950806478</subfield>
    <subfield code="n">Deutsche Sporthochschule Köln</subfield>
  </datafield>
  <datafield tag="MBD" ind1=" " ind2=" ">
    <subfield code="M">49HBZ_RTU</subfield>
    <subfield code="i">990009004720507476</subfield>
    <subfield code="n">RPTU Kaiserslautern-Landau</subfield>
  </datafield>
  <datafield tag="MBD" ind1=" " ind2=" ">
    <subfield code="M">49HBZ_UBD</subfield>
    <subfield code="i">991004273939706445</subfield>
    <subfield code="n">Technische Universität Dortmund</subfield>
  </datafield>
  <datafield tag="MBD" ind1=" " ind2=" ">
    <subfield code="M">49HBZ_ULB</subfield>
    <subfield code="i">991007427139706467</subfield>
    <subfield code="n">Universitaet Bonn</subfield>
  </datafield>
  <datafield tag="MBD" ind1=" " ind2=" ">
    <subfield code="M">49HBZ_UDE</subfield>
    <subfield code="i">990183542540206446</subfield>
    <subfield code="n">Universität Duisburg-Essen</subfield>
  </datafield>
  <datafield tag="MBD" ind1=" " ind2=" ">
    <subfield code="M">49HBZ_UKO</subfield>
    <subfield code="i">990007507730108057</subfield>
    <subfield code="n">Universität Koblenz</subfield>
  </datafield>
  <datafield tag="MBD" ind1=" " ind2=" ">
    <subfield code="M">49HBZ_ULM</subfield>
    <subfield code="i">991000153989706449</subfield>
    <subfield code="n">Universität Münster</subfield>
  </datafield>
  <datafield tag="MBD" ind1=" " ind2=" ">
    <subfield code="M">49HBZ_PAD</subfield>
    <subfield code="i">990014643670106463</subfield>
    <subfield code="n">Universitätsbibliothek Paderborn</subfield>
  </datafield>
  <datafield tag="MNG" ind1=" " ind2=" ">
    <subfield code="c">System</subfield>
    <subfield code="f">ILS</subfield>
    <subfield code="i">marc21</subfield>
    <subfield code="k">01</subfield>
    <subfield code="e">false</subfield>
    <subfield code="d">2023-04-03 04:26:02 Europe/Berlin</subfield>
    <subfield code="g">018916011-HBZ01</subfield>
    <subfield code="j">60</subfield>
    <subfield code="a">import</subfield>
    <subfield code="b">2021-04-05 08:14:06 Europe/Berlin</subfield>
  </datafield>
  <datafield tag="H52" ind1=" " ind2=" ">
    <subfield code="b">W0001</subfield>
    <subfield code="c">20</subfield>
    <subfield code="h"/>
    <subfield code="8">22146310040006447</subfield>
  </datafield>
  <datafield tag="HOL" ind1=" " ind2=" ">
    <subfield code="b">2021-04-06 08:57:11</subfield>
    <subfield code="8">22146310040006447</subfield>
    <subfield code="M">49HBZ_WUP</subfield>
    <subfield code="g">false</subfield>
    <subfield code="a">import</subfield>
  </datafield>
  <datafield tag="H52" ind1=" " ind2=" ">
    <subfield code="b">W0001</subfield>
    <subfield code="c">21</subfield>
    <subfield code="h"/>
    <subfield code="8">22146310020006447</subfield>
  </datafield>
  <datafield tag="HOL" ind1=" " ind2=" ">
    <subfield code="b">2021-04-06 08:57:11</subfield>
    <subfield code="8">22146310020006447</subfield>
    <subfield code="M">49HBZ_WUP</subfield>
    <subfield code="g">false</subfield>
    <subfield code="a">import</subfield>
  </datafield>
  <datafield tag="ITM" ind1=" " ind2=" ">
    <subfield code="H">22146310020006447</subfield>
    <subfield code="x">AA</subfield>
    <subfield code="f">BOOK</subfield>
    <subfield code="v">21</subfield>
    <subfield code="p">11</subfield>
    <subfield code="X">System</subfield>
    <subfield code="U">2011-10-31 11:59:00 Europe/Berlin</subfield>
    <subfield code="Y">2021-05-10 17:38:55 Europe/Berlin</subfield>
    <subfield code="h">false</subfield>
    <subfield code="n">KRXS1037</subfield>
    <subfield code="M">49HBZ_WUP</subfield>
    <subfield code="s">0</subfield>
    <subfield code="d">#</subfield>
    <subfield code="V">import</subfield>
    <subfield code="b">W00151217</subfield>
    <subfield code="O">Process Status: AA</subfield>
    <subfield code="a">23146330000006447</subfield>
    <subfield code="t">8</subfield>
    <subfield code="R">Maintenance count: 001</subfield>
    <subfield code="r">LOAN</subfield>
    <subfield code="S">M2011-5360</subfield>
    <subfield code="B">2011/11535</subfield>
    <subfield code="D">20111202</subfield>
    <subfield code="W">2011-10-31 01:00:00 Europe/Berlin</subfield>
    <subfield code="u">W0001</subfield>
    <subfield code="w">W0001</subfield>
  </datafield>
  <datafield tag="ITM" ind1=" " ind2=" ">
    <subfield code="H">22146310040006447</subfield>
    <subfield code="x">20</subfield>
    <subfield code="f">BOOK</subfield>
    <subfield code="v">20</subfield>
    <subfield code="p">12</subfield>
    <subfield code="X">System</subfield>
    <subfield code="U">2013-03-19 11:59:00 Europe/Berlin</subfield>
    <subfield code="Y">2022-04-21 14:18:23 Europe/Berlin</subfield>
    <subfield code="h">false</subfield>
    <subfield code="n">KRXS1037+2</subfield>
    <subfield code="M">49HBZ_WUP</subfield>
    <subfield code="s">1</subfield>
    <subfield code="d">#</subfield>
    <subfield code="V">import</subfield>
    <subfield code="b">W00185519</subfield>
    <subfield code="a">23146310030006447</subfield>
    <subfield code="t">8</subfield>
    <subfield code="R">Maintenance count: 004</subfield>
    <subfield code="S">M2013-1162</subfield>
    <subfield code="B">2013/3944</subfield>
    <subfield code="D">20130321</subfield>
    <subfield code="W">2013-03-19 01:00:00 Europe/Berlin</subfield>
    <subfield code="u">W0001</subfield>
    <subfield code="w">W0001</subfield>
  </datafield>
  <datafield tag="ITM" ind1=" " ind2=" ">
    <subfield code="H">22146310020006447</subfield>
    <subfield code="x">21</subfield>
    <subfield code="f">BOOK</subfield>
    <subfield code="v">21</subfield>
    <subfield code="p">11</subfield>
    <subfield code="X">System</subfield>
    <subfield code="U">2022-07-20 14:14:22 Europe/Berlin</subfield>
    <subfield code="Y">2023-04-04 15:56:11 Europe/Berlin</subfield>
    <subfield code="h">false</subfield>
    <subfield code="n">KRXS1040</subfield>
    <subfield code="M">49HBZ_WUP</subfield>
    <subfield code="s">1</subfield>
    <subfield code="d">#</subfield>
    <subfield code="V">import</subfield>
    <subfield code="b">W00328289</subfield>
    <subfield code="a">23146310010006447</subfield>
    <subfield code="t">8</subfield>
    <subfield code="S">M2013-1162</subfield>
    <subfield code="B">(8906)</subfield>
    <subfield code="D">2013-03-21 13:14:22</subfield>
    <subfield code="W">2013-03-19 01:00:00 Europe/Berlin</subfield>
    <subfield code="u">W0001</subfield>
    <subfield code="w">W0001</subfield>
  </datafield>
  <datafield tag="H52" ind1="8" ind2="1">
    <subfield code="b">KP001</subfield>
    <subfield code="c">FMONO</subfield>
    <subfield code="h">2 Soz 550</subfield>
    <subfield code="8">2225303290006478</subfield>
  </datafield>
  <datafield tag="HOL" ind1=" " ind2=" ">
    <subfield code="d">2023-08-30 07:29:06</subfield>
    <subfield code="8">2225303290006478</subfield>
    <subfield code="b">2023-08-14 06:36:25</subfield>
    <subfield code="M">49HBZ_ZBS</subfield>
    <subfield code="g">false</subfield>
    <subfield code="a">import</subfield>
    <subfield code="c">System</subfield>
  </datafield>
  <datafield tag="ITM" ind1=" " ind2=" ">
    <subfield code="H">2225303290006478</subfield>
    <subfield code="x">FMONO</subfield>
    <subfield code="f">BOOK</subfield>
    <subfield code="v">FMONO</subfield>
    <subfield code="p">10</subfield>
    <subfield code="X">System</subfield>
    <subfield code="U">2014-04-29 12:59:00 Europe/Berlin</subfield>
    <subfield code="Y">2023-08-14 08:37:41 Europe/Berlin</subfield>
    <subfield code="h">false</subfield>
    <subfield code="n">2014/1779</subfield>
    <subfield code="P">30/d/n/</subfield>
    <subfield code="M">49HBZ_ZBS</subfield>
    <subfield code="s">1</subfield>
    <subfield code="d">8</subfield>
    <subfield code="V">import</subfield>
    <subfield code="b">KN41$01599167</subfield>
    <subfield code="N">Z30-PRICE: 0.00</subfield>
    <subfield code="a">2325303250006478</subfield>
    <subfield code="R">Maintenance count: 008</subfield>
    <subfield code="c">2 Soz 550</subfield>
    <subfield code="S">ZB-31025</subfield>
    <subfield code="B">2014/1779</subfield>
    <subfield code="D">20140429</subfield>
    <subfield code="W">2014-04-29 02:00:00 Europe/Berlin</subfield>
    <subfield code="u">KP001</subfield>
    <subfield code="w">KP001</subfield>
  </datafield>
  <datafield tag="ITM" ind1=" " ind2=" ">
    <subfield code="H">2225303290006478</subfield>
    <subfield code="x">FMONO</subfield>
    <subfield code="f">BOOK</subfield>
    <subfield code="v">FMONO</subfield>
    <subfield code="p">10</subfield>
    <subfield code="X">System</subfield>
    <subfield code="U">2011-12-12 11:59:00 Europe/Berlin</subfield>
    <subfield code="Y">2023-08-14 08:37:41 Europe/Berlin</subfield>
    <subfield code="h">false</subfield>
    <subfield code="n">2012/263</subfield>
    <subfield code="P">30/d/n/</subfield>
    <subfield code="M">49HBZ_ZBS</subfield>
    <subfield code="s">1</subfield>
    <subfield code="d">8</subfield>
    <subfield code="V">import</subfield>
    <subfield code="b">KN41$01339152</subfield>
    <subfield code="a">2325303270006478</subfield>
    <subfield code="R">Maintenance count: 011</subfield>
    <subfield code="c">2 Soz 550</subfield>
    <subfield code="S">ZB-24356</subfield>
    <subfield code="B">2012/263</subfield>
    <subfield code="D">20120102</subfield>
    <subfield code="W">2011-12-12 01:00:00 Europe/Berlin</subfield>
    <subfield code="u">KP001</subfield>
    <subfield code="w">KP001</subfield>
  </datafield>
  <datafield tag="H52" ind1="8" ind2=" ">
    <subfield code="b">R3032</subfield>
    <subfield code="c">FHSPO</subfield>
    <subfield code="h">SPO 130/138</subfield>
    <subfield code="8">2285580330007476</subfield>
  </datafield>
  <datafield tag="HOL" ind1=" " ind2=" ">
    <subfield code="b">2022-07-12 10:41:17</subfield>
    <subfield code="8">2285580330007476</subfield>
    <subfield code="M">49HBZ_RTU</subfield>
    <subfield code="g">false</subfield>
    <subfield code="a">import</subfield>
  </datafield>
  <datafield tag="ITM" ind1=" " ind2=" ">
    <subfield code="H">2285580330007476</subfield>
    <subfield code="x">FHSPO</subfield>
    <subfield code="f">BOOK</subfield>
    <subfield code="v">FHSPO</subfield>
    <subfield code="p">10</subfield>
    <subfield code="X">System</subfield>
    <subfield code="U">2013-08-02 12:59:00 Europe/Berlin</subfield>
    <subfield code="Y">2022-07-12 12:42:18 Europe/Berlin</subfield>
    <subfield code="h">false</subfield>
    <subfield code="n">SPO 130/138</subfield>
    <subfield code="P">30/d/n/1</subfield>
    <subfield code="M">49HBZ_RTU</subfield>
    <subfield code="s">1</subfield>
    <subfield code="d">8</subfield>
    <subfield code="V">import</subfield>
    <subfield code="b">109382847</subfield>
    <subfield code="a">2385580290007476</subfield>
    <subfield code="t">8</subfield>
    <subfield code="R">Maintenance count: 004</subfield>
    <subfield code="c">SPO 130/138</subfield>
    <subfield code="S">2013-1055</subfield>
    <subfield code="B">13-1486</subfield>
    <subfield code="D">20130814</subfield>
    <subfield code="W">2013-08-02 02:00:00 Europe/Berlin</subfield>
    <subfield code="u">R3032</subfield>
    <subfield code="w">R3032</subfield>
  </datafield>
  <datafield tag="H52" ind1=" " ind2=" ">
    <subfield code="b">ZB</subfield>
    <subfield code="c">Freihand</subfield>
    <subfield code="8">22197228560006445</subfield>
  </datafield>
  <datafield tag="HOL" ind1=" " ind2=" ">
    <subfield code="b">2021-04-19 15:29:41</subfield>
    <subfield code="8">22197228560006445</subfield>
    <subfield code="M">49HBZ_UBD</subfield>
    <subfield code="g">false</subfield>
    <subfield code="a">import</subfield>
  </datafield>
  <datafield tag="ITM" ind1=" " ind2=" ">
    <subfield code="H">22197228560006445</subfield>
    <subfield code="x">Freihand</subfield>
    <subfield code="f">BOOK</subfield>
    <subfield code="v">Freihand</subfield>
    <subfield code="X">exl_api</subfield>
    <subfield code="U">2021-04-19 12:59:00 Europe/Berlin</subfield>
    <subfield code="Y">2023-04-19 15:57:38 Europe/Berlin</subfield>
    <subfield code="h">false</subfield>
    <subfield code="n">Yn 2932</subfield>
    <subfield code="G">1</subfield>
    <subfield code="M">49HBZ_UBD</subfield>
    <subfield code="s">1</subfield>
    <subfield code="d">#</subfield>
    <subfield code="V">import</subfield>
    <subfield code="L">ClassificationNo: 3000 | SISIS-Magazindrucker: 0 | HBZ01: HT017015300</subfield>
    <subfield code="b">20116184</subfield>
    <subfield code="O">SISIS-Ausleihzähler vorletztes Migrationsjahr: 4 | SISIS-Vormerkzähler Migrationsjahr: 0 | SISIS-vorletztes Rückgabedatum: 2020-10-28 | SISIS-Buchdaten-Aufnahmedatum: 2013-12-11</subfield>
    <subfield code="N">Fernleihkonditionen: 0 | Sigel: 290 | Klassifikation: 3000 | Altersbegrenzung: 0 | SISIS-Ausleihzähler Migrationsjahr: 1 | SISIS-Ausleihzähler Vor-Migrationsjahr: 5</subfield>
    <subfield code="a">23197228550006445</subfield>
    <subfield code="B">ZB-80024</subfield>
    <subfield code="W">2021-04-19 17:29:41 Europe/Berlin</subfield>
    <subfield code="u">ZB</subfield>
    <subfield code="w">ZB</subfield>
  </datafield>
  <datafield tag="H52" ind1="#" ind2=" ">
    <subfield code="b">0</subfield>
    <subfield code="c">0-Mag</subfield>
    <subfield code="h">P 2012/259</subfield>
    <subfield code="8">22237586080006467</subfield>
  </datafield>
  <datafield tag="HOL" ind1=" " ind2=" ">
    <subfield code="b">2023-07-24 07:35:45</subfield>
    <subfield code="8">22237586080006467</subfield>
    <subfield code="M">49HBZ_ULB</subfield>
    <subfield code="g">false</subfield>
    <subfield code="a">import</subfield>
  </datafield>
  <datafield tag="ITM" ind1=" " ind2=" ">
    <subfield code="H">22237586080006467</subfield>
    <subfield code="x">0-Mag</subfield>
    <subfield code="f">BOOK</subfield>
    <subfield code="v">0-Mag</subfield>
    <subfield code="p">ReadingRoom</subfield>
    <subfield code="X">System</subfield>
    <subfield code="U">2023-07-23 12:59:00 Europe/Berlin</subfield>
    <subfield code="Y">2023-08-03 19:27:08 Europe/Berlin</subfield>
    <subfield code="h">false</subfield>
    <subfield code="n">P 2012/259</subfield>
    <subfield code="G">1</subfield>
    <subfield code="M">49HBZ_ULB</subfield>
    <subfield code="s">1</subfield>
    <subfield code="d">#</subfield>
    <subfield code="V">import</subfield>
    <subfield code="L">Wei</subfield>
    <subfield code="b">P2012/259</subfield>
    <subfield code="O">SISIS-Ausleihzähler Migrationsjahr: 0 | SISIS-Ausleihzähler Vor-Migrationsjahr: 0 | SISIS-Ausleihzähler vorletztes Migrationsjahr: 0 | SISIS-Vormerkzähler Migrationsjahr: 0 | SISIS-vorletztes Rückgabedatum: 2013-10-01 | SISIS-Buchdaten-Aufnahmedatum: 2012-02-14</subfield>
    <subfield code="N">SISIS-ULBSystematik: 0 | SISIS-Magazindrucker: 0 | SISIS-Fernleihkonditionen: 0 | SISIS-Medientyp: 0 | Sigel: 5 | SISIS-Entleihbarkeit: L | SISIS-Zweigstelle: 0</subfield>
    <subfield code="a">23237586070006467</subfield>
    <subfield code="c">P 2012/259</subfield>
    <subfield code="W">2023-07-24 09:35:45 Europe/Berlin</subfield>
    <subfield code="u">0</subfield>
    <subfield code="w">0</subfield>
  </datafield>
  <datafield tag="H52" ind1="8" ind2=" ">
    <subfield code="b">E0001</subfield>
    <subfield code="c">E11</subfield>
    <subfield code="h">KRQ3171</subfield>
    <subfield code="8">22423021820006446</subfield>
  </datafield>
  <datafield tag="HOL" ind1=" " ind2=" ">
    <subfield code="b">2021-04-15 18:53:09</subfield>
    <subfield code="8">22423021820006446</subfield>
    <subfield code="M">49HBZ_UDE</subfield>
    <subfield code="g">false</subfield>
    <subfield code="a">import</subfield>
  </datafield>
  <datafield tag="ITM" ind1=" " ind2=" ">
    <subfield code="H">22423021820006446</subfield>
    <subfield code="x">E11</subfield>
    <subfield code="f">BOOK</subfield>
    <subfield code="v">E11</subfield>
    <subfield code="X">System</subfield>
    <subfield code="U">2014-11-26 11:59:00 Europe/Berlin</subfield>
    <subfield code="Y">2022-11-15 14:15:31 Europe/Berlin</subfield>
    <subfield code="h">false</subfield>
    <subfield code="n">KRQ3171</subfield>
    <subfield code="P">26</subfield>
    <subfield code="Q">SP</subfield>
    <subfield code="M">49HBZ_UDE</subfield>
    <subfield code="s">1</subfield>
    <subfield code="d">8</subfield>
    <subfield code="V">import</subfield>
    <subfield code="b">DE00286549</subfield>
    <subfield code="a">23423021800006446</subfield>
    <subfield code="t">8</subfield>
    <subfield code="c">KRQ3171</subfield>
    <subfield code="S">MB14-10474</subfield>
    <subfield code="B">14/16400</subfield>
    <subfield code="D">20141204</subfield>
    <subfield code="W">2014-11-26 01:00:00 Europe/Berlin</subfield>
    <subfield code="u">E0001</subfield>
    <subfield code="w">E0001</subfield>
  </datafield>
  <datafield tag="ITM" ind1=" " ind2=" ">
    <subfield code="H">22423021820006446</subfield>
    <subfield code="x">E11</subfield>
    <subfield code="f">BOOK</subfield>
    <subfield code="v">E11</subfield>
    <subfield code="X">System</subfield>
    <subfield code="U">2014-11-26 11:59:00 Europe/Berlin</subfield>
    <subfield code="Y">2023-07-06 11:18:57 Europe/Berlin</subfield>
    <subfield code="h">false</subfield>
    <subfield code="n">KRQ3171+1</subfield>
    <subfield code="P">26</subfield>
    <subfield code="M">49HBZ_UDE</subfield>
    <subfield code="s">0</subfield>
    <subfield code="d">8</subfield>
    <subfield code="V">import</subfield>
    <subfield code="b">DE00286550</subfield>
    <subfield code="a">23423021780006446</subfield>
    <subfield code="t">8</subfield>
    <subfield code="c">KRQ3171</subfield>
    <subfield code="r">LOAN</subfield>
    <subfield code="S">MB14-10474</subfield>
    <subfield code="B">14/16401</subfield>
    <subfield code="D">20141204</subfield>
    <subfield code="W">2014-11-26 01:00:00 Europe/Berlin</subfield>
    <subfield code="u">E0001</subfield>
    <subfield code="w">E0001</subfield>
  </datafield>
  <datafield tag="H52" ind1="8" ind2="1">
    <subfield code="b">RL001</subfield>
    <subfield code="z">entknuepfter_ls_ko</subfield>
    <subfield code="c">UNASSIGNED</subfield>
    <subfield code="8">2229204540008057</subfield>
  </datafield>
  <datafield tag="HOL" ind1=" " ind2=" ">
    <subfield code="b">2023-08-14 06:47:02</subfield>
    <subfield code="8">2229204540008057</subfield>
    <subfield code="M">49HBZ_UKO</subfield>
    <subfield code="g">false</subfield>
    <subfield code="a">import</subfield>
  </datafield>
  <datafield tag="H52" ind1="8" ind2=" ">
    <subfield code="b">RL001</subfield>
    <subfield code="c">FRHKO</subfield>
    <subfield code="h">LE/G 2012 7564</subfield>
    <subfield code="8">2229204580008057</subfield>
  </datafield>
  <datafield tag="HOL" ind1=" " ind2=" ">
    <subfield code="b">2023-08-14 06:47:02</subfield>
    <subfield code="8">2229204580008057</subfield>
    <subfield code="M">49HBZ_UKO</subfield>
    <subfield code="g">false</subfield>
    <subfield code="a">import</subfield>
  </datafield>
  <datafield tag="ITM" ind1=" " ind2=" ">
    <subfield code="H">2229204580008057</subfield>
    <subfield code="x">FRHKO</subfield>
    <subfield code="f">BOOK</subfield>
    <subfield code="v">FRHKO</subfield>
    <subfield code="p">10</subfield>
    <subfield code="X">System</subfield>
    <subfield code="U">2012-10-31 11:59:00 Europe/Berlin</subfield>
    <subfield code="Y">2023-08-14 08:49:19 Europe/Berlin</subfield>
    <subfield code="h">false</subfield>
    <subfield code="n">LE/G 2012 7564</subfield>
    <subfield code="M">49HBZ_UKO</subfield>
    <subfield code="s">1</subfield>
    <subfield code="d">8</subfield>
    <subfield code="V">import</subfield>
    <subfield code="b">M28 6888</subfield>
    <subfield code="a">2329204570008057</subfield>
    <subfield code="t">8</subfield>
    <subfield code="R">Maintenance count: 027</subfield>
    <subfield code="c">LE/G 2012 7564</subfield>
    <subfield code="S">KO-54112</subfield>
    <subfield code="B">K2012/7564</subfield>
    <subfield code="D">20121106</subfield>
    <subfield code="W">2012-10-31 01:00:00 Europe/Berlin</subfield>
    <subfield code="u">RL001</subfield>
    <subfield code="w">RL001</subfield>
  </datafield>
  <datafield tag="ITM" ind1=" " ind2=" ">
    <subfield code="H">2229204580008057</subfield>
    <subfield code="x">FRHKO</subfield>
    <subfield code="f">BOOK</subfield>
    <subfield code="v">FRHKO</subfield>
    <subfield code="p">10</subfield>
    <subfield code="X">System</subfield>
    <subfield code="U">2016-09-13 12:59:00 Europe/Berlin</subfield>
    <subfield code="Y">2023-08-14 08:49:19 Europe/Berlin</subfield>
    <subfield code="h">false</subfield>
    <subfield code="n">LE/G 2012 7564/3</subfield>
    <subfield code="M">49HBZ_UKO</subfield>
    <subfield code="s">1</subfield>
    <subfield code="d">8</subfield>
    <subfield code="V">import</subfield>
    <subfield code="b">M31 6464</subfield>
    <subfield code="a">2329204550008057</subfield>
    <subfield code="t">8</subfield>
    <subfield code="R">Maintenance count: 012</subfield>
    <subfield code="c">LE/G 2012 7564</subfield>
    <subfield code="S">KO-72625</subfield>
    <subfield code="B">K2016/6984</subfield>
    <subfield code="D">20160920</subfield>
    <subfield code="W">2016-09-13 02:00:00 Europe/Berlin</subfield>
    <subfield code="u">RL001</subfield>
    <subfield code="w">RL001</subfield>
  </datafield>
  <datafield tag="ITM" ind1=" " ind2=" ">
    <subfield code="H">2229204580008057</subfield>
    <subfield code="x">FRHKO</subfield>
    <subfield code="f">BOOK</subfield>
    <subfield code="v">FRHKO</subfield>
    <subfield code="p">10</subfield>
    <subfield code="X">System</subfield>
    <subfield code="U">2012-10-31 11:59:00 Europe/Berlin</subfield>
    <subfield code="Y">2023-08-14 08:49:19 Europe/Berlin</subfield>
    <subfield code="h">false</subfield>
    <subfield code="n">LE/G 2012 7564/2</subfield>
    <subfield code="M">49HBZ_UKO</subfield>
    <subfield code="s">1</subfield>
    <subfield code="d">8</subfield>
    <subfield code="V">import</subfield>
    <subfield code="b">M28 6889</subfield>
    <subfield code="a">2329204560008057</subfield>
    <subfield code="t">8</subfield>
    <subfield code="R">Maintenance count: 003</subfield>
    <subfield code="c">LE/G 2012 7564</subfield>
    <subfield code="S">KO-54112</subfield>
    <subfield code="B">K2012/7565</subfield>
    <subfield code="D">20121106</subfield>
    <subfield code="W">2012-10-31 01:00:00 Europe/Berlin</subfield>
    <subfield code="u">RL001</subfield>
    <subfield code="w">RL001</subfield>
  </datafield>
  <datafield tag="H52" ind1="8" ind2=" ">
    <subfield code="b">SPOR</subfield>
    <subfield code="c">SPOR_BIB</subfield>
    <subfield code="h">Sa 51</subfield>
    <subfield code="8">22527811760006449</subfield>
  </datafield>
  <datafield tag="HOL" ind1=" " ind2=" ">
    <subfield code="b">2022-07-11 09:59:48</subfield>
    <subfield code="8">22527811760006449</subfield>
    <subfield code="M">49HBZ_ULM</subfield>
    <subfield code="g">false</subfield>
    <subfield code="a">import</subfield>
  </datafield>
  <datafield tag="H52" ind1="8" ind2=" ">
    <subfield code="b">ZB</subfield>
    <subfield code="c">ZB_LBM</subfield>
    <subfield code="h">SPO 2.1:Der</subfield>
    <subfield code="8">22527811800006449</subfield>
  </datafield>
  <datafield tag="HOL" ind1=" " ind2=" ">
    <subfield code="b">2022-07-11 09:59:48</subfield>
    <subfield code="8">22527811800006449</subfield>
    <subfield code="M">49HBZ_ULM</subfield>
    <subfield code="g">false</subfield>
    <subfield code="a">import</subfield>
  </datafield>
  <datafield tag="ITM" ind1=" " ind2=" ">
    <subfield code="H">22527811760006449</subfield>
    <subfield code="x">SPOR_BIB</subfield>
    <subfield code="f">BOOK</subfield>
    <subfield code="v">SPOR_BIB</subfield>
    <subfield code="X">AMO_TL2_FIX</subfield>
    <subfield code="U">2022-07-10 12:59:00 Europe/Berlin</subfield>
    <subfield code="Y">2022-07-12 13:10:54 Europe/Berlin</subfield>
    <subfield code="h">false</subfield>
    <subfield code="Q">SISIS-Ausleihzähler Migrationsjahr: 0 | SISIS-Ausleihzähler Vor-Migrationsjahr: 0 | SISIS-Ausleihzähler vorletztes Migrationsjahr: 0</subfield>
    <subfield code="M">49HBZ_ULM</subfield>
    <subfield code="s">1</subfield>
    <subfield code="d">8</subfield>
    <subfield code="V">import</subfield>
    <subfield code="b">Z68-032337</subfield>
    <subfield code="O">Fernleihkonditionen: 3</subfield>
    <subfield code="a">23527811750006449</subfield>
    <subfield code="R">DBS-Systematik: 0</subfield>
    <subfield code="c">Sa 51</subfield>
    <subfield code="B">spo2012-277</subfield>
    <subfield code="W">2022-07-11 11:59:48 Europe/Berlin</subfield>
    <subfield code="u">SPOR</subfield>
    <subfield code="w">SPOR</subfield>
  </datafield>
  <datafield tag="ITM" ind1=" " ind2=" ">
    <subfield code="H">22527811800006449</subfield>
    <subfield code="x">ZB_LBM</subfield>
    <subfield code="f">BOOK</subfield>
    <subfield code="v">ZB_LBM</subfield>
    <subfield code="X">l_eick03</subfield>
    <subfield code="U">2022-07-10 12:59:00 Europe/Berlin</subfield>
    <subfield code="Y">2023-07-05 11:15:21 Europe/Berlin</subfield>
    <subfield code="h">false</subfield>
    <subfield code="n">013 0416</subfield>
    <subfield code="Q">SISIS-Ausleihzähler Migrationsjahr: 0 | SISIS-Ausleihzähler Vor-Migrationsjahr: 3 | SISIS-Ausleihzähler vorletztes Migrationsjahr: 3</subfield>
    <subfield code="M">49HBZ_ULM</subfield>
    <subfield code="s">1</subfield>
    <subfield code="d">8</subfield>
    <subfield code="V">import</subfield>
    <subfield code="b">6-00166844-1</subfield>
    <subfield code="O">Fernleihkonditionen: 3</subfield>
    <subfield code="a">23527811780006449</subfield>
    <subfield code="R">DBS-Systematik: 30</subfield>
    <subfield code="c">SPO 2.1:Der</subfield>
    <subfield code="W">2022-07-11 11:59:48 Europe/Berlin</subfield>
    <subfield code="u">ZB</subfield>
    <subfield code="w">ZB</subfield>
  </datafield>
  <datafield tag="ITM" ind1=" " ind2=" ">
    <subfield code="H">22527811800006449</subfield>
    <subfield code="x">ZB_LBM</subfield>
    <subfield code="f">BOOK</subfield>
    <subfield code="v">ZB_LBM</subfield>
    <subfield code="X">AMO_TL2_FIX</subfield>
    <subfield code="U">2022-07-10 12:59:00 Europe/Berlin</subfield>
    <subfield code="Y">2022-07-12 13:10:54 Europe/Berlin</subfield>
    <subfield code="h">false</subfield>
    <subfield code="n">013 0416#2</subfield>
    <subfield code="Q">SISIS-Ausleihzähler Migrationsjahr: 0 | SISIS-Ausleihzähler Vor-Migrationsjahr: 3 | SISIS-Ausleihzähler vorletztes Migrationsjahr: 7</subfield>
    <subfield code="M">49HBZ_ULM</subfield>
    <subfield code="s">1</subfield>
    <subfield code="d">8</subfield>
    <subfield code="V">import</subfield>
    <subfield code="b">6-00166843-9</subfield>
    <subfield code="O">Fernleihkonditionen: 3</subfield>
    <subfield code="a">23527811770006449</subfield>
    <subfield code="R">DBS-Systematik: 30</subfield>
    <subfield code="c">SPO 2.1:Der</subfield>
    <subfield code="W">2022-07-11 11:59:48 Europe/Berlin</subfield>
    <subfield code="u">ZB</subfield>
    <subfield code="w">ZB</subfield>
  </datafield>
  <datafield tag="H52" ind1="8" ind2="1">
    <subfield code="b">P0001</subfield>
    <subfield code="c">UNASSIGNED</subfield>
    <subfield code="8">22142134110006463</subfield>
  </datafield>
  <datafield tag="HOL" ind1=" " ind2=" ">
    <subfield code="b">2022-07-14 10:09:19</subfield>
    <subfield code="8">22142134110006463</subfield>
    <subfield code="M">49HBZ_PAD</subfield>
    <subfield code="g">false</subfield>
    <subfield code="a">import</subfield>
  </datafield>
  <datafield tag="H52" ind1="8" ind2=" ">
    <subfield code="b">P0001</subfield>
    <subfield code="c">11</subfield>
    <subfield code="8">22142134130006463</subfield>
  </datafield>
  <datafield tag="HOL" ind1=" " ind2=" ">
    <subfield code="b">2022-07-14 10:09:19</subfield>
    <subfield code="8">22142134130006463</subfield>
    <subfield code="M">49HBZ_PAD</subfield>
    <subfield code="g">false</subfield>
    <subfield code="a">import</subfield>
  </datafield>
  <datafield tag="ITM" ind1=" " ind2=" ">
    <subfield code="H">22142134130006463</subfield>
    <subfield code="x">11</subfield>
    <subfield code="f">BOOK</subfield>
    <subfield code="v">11</subfield>
    <subfield code="p">20</subfield>
    <subfield code="X">System</subfield>
    <subfield code="U">2012-03-12 11:59:00 Europe/Berlin</subfield>
    <subfield code="Y">2023-05-16 07:27:05 Europe/Berlin</subfield>
    <subfield code="h">false</subfield>
    <subfield code="n">KRRS1643</subfield>
    <subfield code="P">12///</subfield>
    <subfield code="M">49HBZ_PAD</subfield>
    <subfield code="s">1</subfield>
    <subfield code="d">8</subfield>
    <subfield code="V">import</subfield>
    <subfield code="b">KRRS1643</subfield>
    <subfield code="a">23142134120006463</subfield>
    <subfield code="t">8</subfield>
    <subfield code="R">Maintenance count: 024</subfield>
    <subfield code="S">M-12-1993</subfield>
    <subfield code="B">12/2654</subfield>
    <subfield code="D">20120316</subfield>
    <subfield code="W">2012-03-12 01:00:00 Europe/Berlin</subfield>
    <subfield code="u">P0001</subfield>
    <subfield code="w">P0001</subfield>
  </datafield>
  <datafield tag="GSI" ind1="7" ind2=" ">
    <subfield code="a">1017737398</subfield>
    <subfield code="0">http://d-nb.info/gnd/1017737398</subfield>
    <subfield code="2">gnd</subfield>
    <subfield code="A">GND</subfield>
    <subfield code="B">GND-1017737398</subfield>
    <subfield code="C">024</subfield>
  </datafield>
  <datafield tag="GSI" ind1="7" ind2=" ">
    <subfield code="a">4037446-4</subfield>
    <subfield code="0">http://d-nb.info/gnd/4037446-4</subfield>
    <subfield code="2">gnd</subfield>
    <subfield code="A">GND</subfield>
    <subfield code="B">GND-040374467</subfield>
    <subfield code="C">024</subfield>
  </datafield>
  <datafield tag="GSI" ind1="7" ind2=" ">
    <subfield code="a">2873759</subfield>
    <subfield code="2">geonames</subfield>
    <subfield code="A">GND</subfield>
    <subfield code="B">GND-040374467</subfield>
    <subfield code="C">024</subfield>
  </datafield>
  <datafield tag="GGN" ind1=" " ind2=" ">
    <subfield code="a">Marbourg</subfield>
    <subfield code="A">GND</subfield>
    <subfield code="B">GND-040374467</subfield>
    <subfield code="C">451</subfield>
  </datafield>
  <datafield tag="GGN" ind1=" " ind2=" ">
    <subfield code="a">Universitätsstadt Marburg</subfield>
    <subfield code="A">GND</subfield>
    <subfield code="B">GND-040374467</subfield>
    <subfield code="C">451</subfield>
  </datafield>
  <datafield tag="GGN" ind1=" " ind2=" ">
    <subfield code="a">Marburg (Lahn)</subfield>
    <subfield code="A">GND</subfield>
    <subfield code="B">GND-040374467</subfield>
    <subfield code="C">451</subfield>
  </datafield>
  <datafield tag="GGN" ind1=" " ind2=" ">
    <subfield code="a">Marburg an der Lahn</subfield>
    <subfield code="A">GND</subfield>
    <subfield code="B">GND-040374467</subfield>
    <subfield code="C">451</subfield>
  </datafield>
  <datafield tag="GGN" ind1=" " ind2=" ">
    <subfield code="a">Marburg</subfield>
    <subfield code="g">Lahn</subfield>
    <subfield code="A">GND</subfield>
    <subfield code="B">GND-040374467</subfield>
    <subfield code="C">451</subfield>
  </datafield>
  <datafield tag="GGN" ind1=" " ind2=" ">
    <subfield code="a">Marburgi</subfield>
    <subfield code="A">GND</subfield>
    <subfield code="B">GND-040374467</subfield>
    <subfield code="C">451</subfield>
  </datafield>
  <datafield tag="GGN" ind1=" " ind2=" ">
    <subfield code="a">Marpurgi Cattorum</subfield>
    <subfield code="A">GND</subfield>
    <subfield code="B">GND-040374467</subfield>
    <subfield code="C">451</subfield>
  </datafield>
  <datafield tag="GGN" ind1=" " ind2=" ">
    <subfield code="a">Marpurg</subfield>
    <subfield code="A">GND</subfield>
    <subfield code="B">GND-040374467</subfield>
    <subfield code="C">451</subfield>
  </datafield>
  <datafield tag="GGN" ind1=" " ind2=" ">
    <subfield code="a">Marpurgum</subfield>
    <subfield code="A">GND</subfield>
    <subfield code="B">GND-040374467</subfield>
    <subfield code="C">451</subfield>
  </datafield>
  <datafield tag="GGN" ind1=" " ind2=" ">
    <subfield code="a">Marpurgum Cattorum</subfield>
    <subfield code="A">GND</subfield>
    <subfield code="B">GND-040374467</subfield>
    <subfield code="C">451</subfield>
  </datafield>
  <datafield tag="GGN" ind1=" " ind2=" ">
    <subfield code="a">Marburgum Cattorum</subfield>
    <subfield code="A">GND</subfield>
    <subfield code="B">GND-040374467</subfield>
    <subfield code="C">451</subfield>
  </datafield>
  <datafield tag="GGN" ind1=" " ind2=" ">
    <subfield code="a">Marburgi Cattorum</subfield>
    <subfield code="A">GND</subfield>
    <subfield code="B">GND-040374467</subfield>
    <subfield code="C">451</subfield>
  </datafield>
  <datafield tag="GSI" ind1="7" ind2=" ">
    <subfield code="a">4130615-6</subfield>
    <subfield code="0">http://d-nb.info/gnd/4130615-6</subfield>
    <subfield code="2">gnd</subfield>
    <subfield code="A">GND</subfield>
    <subfield code="B">GND-041306155</subfield>
    <subfield code="C">024</subfield>
  </datafield>
  <datafield tag="GST" ind1=" " ind2=" ">
    <subfield code="a">Ganztagesschule</subfield>
    <subfield code="A">GND</subfield>
    <subfield code="B">GND-041559479</subfield>
    <subfield code="C">450</subfield>
  </datafield>
  <datafield tag="GST" ind1=" " ind2=" ">
    <subfield code="a">Ganztagschule</subfield>
    <subfield code="A">GND</subfield>
    <subfield code="B">GND-041559479</subfield>
    <subfield code="C">450</subfield>
  </datafield>
  <datafield tag="GSI" ind1="7" ind2=" ">
    <subfield code="a">4155947-2</subfield>
    <subfield code="0">http://d-nb.info/gnd/4155947-2</subfield>
    <subfield code="2">gnd</subfield>
    <subfield code="A">GND</subfield>
    <subfield code="B">GND-041559479</subfield>
    <subfield code="C">024</subfield>
  </datafield>
  <datafield tag="GST" ind1=" " ind2=" ">
    <subfield code="a">Informelle Bildung</subfield>
    <subfield code="A">GND</subfield>
    <subfield code="B">GND-964127970</subfield>
    <subfield code="C">450</subfield>
  </datafield>
  <datafield tag="GST" ind1=" " ind2=" ">
    <subfield code="a">Nichtschulisches Lernen</subfield>
    <subfield code="A">GND</subfield>
    <subfield code="B">GND-964127970</subfield>
    <subfield code="C">450</subfield>
  </datafield>
  <datafield tag="GSI" ind1="7" ind2=" ">
    <subfield code="a">4680202-2</subfield>
    <subfield code="0">http://d-nb.info/gnd/4680202-2</subfield>
    <subfield code="2">gnd</subfield>
    <subfield code="A">GND</subfield>
    <subfield code="B">GND-964127970</subfield>
    <subfield code="C">024</subfield>
  </datafield>
  <datafield tag="GST" ind1=" " ind2=" ">
    <subfield code="a">Sozialer Raum</subfield>
    <subfield code="9">v:B 1986 unter Raum 6.</subfield>
    <subfield code="A">GND</subfield>
    <subfield code="B">GND-041165462</subfield>
    <subfield code="C">450</subfield>
  </datafield>
  <datafield tag="GST" ind1=" " ind2=" ">
    <subfield code="a">Raum</subfield>
    <subfield code="g">Sozialwissenschaften</subfield>
    <subfield code="A">GND</subfield>
    <subfield code="B">GND-041165462</subfield>
    <subfield code="C">450</subfield>
  </datafield>
  <datafield tag="GST" ind1=" " ind2=" ">
    <subfield code="a">Sozialräume</subfield>
    <subfield code="A">GND</subfield>
    <subfield code="B">GND-041165462</subfield>
    <subfield code="C">450</subfield>
  </datafield>
  <datafield tag="GSI" ind1="7" ind2=" ">
    <subfield code="a">4116546-9</subfield>
    <subfield code="0">http://d-nb.info/gnd/4116546-9</subfield>
    <subfield code="2">gnd</subfield>
    <subfield code="A">GND</subfield>
    <subfield code="B">GND-041165462</subfield>
    <subfield code="C">024</subfield>
  </datafield>
  <datafield tag="GST" ind1=" " ind2=" ">
    <subfield code="a">Pausenhof</subfield>
    <subfield code="A">GND</subfield>
    <subfield code="B">GND-041316207</subfield>
    <subfield code="C">450</subfield>
  </datafield>
  <datafield tag="GST" ind1=" " ind2=" ">
    <subfield code="a">Schulhöfe</subfield>
    <subfield code="A">GND</subfield>
    <subfield code="B">GND-041316207</subfield>
    <subfield code="C">450</subfield>
  </datafield>
  <datafield tag="GST" ind1=" " ind2=" ">
    <subfield code="a">Pausenplatz</subfield>
    <subfield code="9">v:Schweiz</subfield>
    <subfield code="A">GND</subfield>
    <subfield code="B">GND-041316207</subfield>
    <subfield code="C">450</subfield>
  </datafield>
  <datafield tag="GSI" ind1="7" ind2=" ">
    <subfield code="a">4131620-4</subfield>
    <subfield code="0">http://d-nb.info/gnd/4131620-4</subfield>
    <subfield code="2">gnd</subfield>
    <subfield code="A">GND</subfield>
    <subfield code="B">GND-041316207</subfield>
    <subfield code="C">024</subfield>
  </datafield>
</record>
